@article{alves2016
  , author  = {Alves,P. and Couto,E. B. and Francisco,P. M.}
  , title   = {Executive pay and performance in Portuguese listed companies}
  , year    = {2016}
  , journal = {Research in International Business and Finance}
  , volume  = {37}
  , pages   = {184-195}
}

@article{andrews2016
  , author  = {Andrews, A.L.}
  , title   = {Legacies of Inequity: How Hometown Political Participation and Land Distribution Shape Migrants’ Paths into Wage Labor}
  , year    = {2016}
  , journal = {World Development}
  , volume  = {87}
  , pages   = {318-332}
}

@article{drange2016
  , author  = {Drange,N. and Havnes,T. and Sandsør,A. M. J.}
  , title   = {Kindergarten for all: Long run effects of a universal intervention}
  , year    = {2016}
  , journal = {Economics of Education Review}
  , volume  = {53}
  , pages   = {164-181}
}

@article{fernandes2014
  , author  = {Fernandes,A. P. and Ferreira,P. and Alan Winters,L.}
  , title   = {Firm entry deregulation, competition and returns to education and skill}
  , year    = {2014}
  , journal = {European Economic Review}
  , volume  = {70}
  , pages   = {210-230}
}

@article{figueiredo2015
  , author  = {Figueiredo,H. and Rocha,V. and Biscaia,R. and Teixeira,P.}
  , title   = {Gender pay gaps and the restructuring of graduate labour markets in Southern Europe}
  , year    = {2015}
  , journal = {Cambridge Journal of Economics}
  , volume  = {39}
  , number  = {2}
  , pages   = {565-598}
}

@article{hartog2001
  , author  = {Hartog,J. and Pereira,P. T. and Vieira,J. A. C.}
  , title   = {Changing returns to education in Portugal during the 1980s and early 1990s: OLS and quantile regression estimators}
  , year    = {2001}
  , journal = {Applied Economics}
  , volume  = {33}
  , number  = {8}
  , pages   = {1021-1037}
}

@book{mcdonald2017
  , author  = {McDonald,S. and Benton,R. A.}
  , title   = {The structure of internal job mobility and organizational wage inequality}
  , year    = {2017}
  , series  = {Research in Social Stratification and Mobility}
  , volume  = {47}
  , pages   = {21-31}
}

@article{monteiro2009
  , author  = {Monteiro,N. P.}
  , title   = {Regulatory reform and labour earnings in Portuguese banking}
  , year    = {2009}
  , journal = {Empirical Economics}
  , volume  = {36}
  , number  = {3}
  , pages   = {557-574}
}

@article{papapetrou2017
  , author  = {Papapetrou,E. and Tsalaporta,P.}
  , title   = {Inter-Industry Wage Differentials in Greece: Evidence from Quantile Regression Analysis}
  , year    = {2017}
  , journal = {International Economic Journal}
  , volume  = {31}
  , number  = {1}
  , pages   = {51-67}
}

@article{villadoniga2017
  , author  = {Perez Villadoniga,M. J. and Rodríguez-Alvarez,A.}
  , title   = {Analysing wage differentials when workers maximize the return to human capital investment}
  , year    = {2017}
  , journal = {Applied Economics}
  , pages   = {1-13}
}

@article{xing2016
  , author  = {Xing,C. and Xu,J.}
  , title   = {Regional variation of the minimum wages in China}
  , year    = {2016}
  , journal = {IZA Journal of Labor and Development}
  , volume  = {5}
  , number  = {1}
}
